<?xml version="1.0" encoding="UTF-8"?><collection xmlns="http://www.loc.gov/MARC21/slim"><record><leader>00377nam--2200121-i-4500</leader><controlfield tag="001">000047211</controlfield><controlfield tag="002">20161230</controlfield><controlfield tag="005">20161230201046</controlfield><controlfield tag="008">060222s1000------------r-----000-0-eng-d</controlfield><datafield ind1=" " ind2=" " tag="100"><subfield code="a">White,Helen W</subfield></datafield><datafield ind1=" " ind2=" " tag="245"><subfield code="a">Report number series. used by the division of technical information in cataloging reports. sixth revised editiion</subfield></datafield><datafield ind1=" " ind2=" " tag="260"><subfield code="a">Oak Ridge, Usaec, 1967. 159 P</subfield></datafield><datafield ind1=" " ind2=" " tag="852"><subfield code="a">31451</subfield></datafield></record></collection>